<record><leader>00000cas a22000007a 4500</leader><controlfield tag="001">10267623</controlfield><controlfield tag="008">840105d19801987cauwr ne      0   a0eng d</controlfield><datafield ind1=" " ind2=" " tag="010"><subfield code="a">sn 84007869 </subfield></datafield><datafield ind1=" " ind2=" " tag="040"><subfield code="a">NSD</subfield><subfield code="b">eng</subfield><subfield code="c">NSD</subfield><subfield code="d">CNK</subfield><subfield code="d">OCLCQ</subfield><subfield code="d">OCLCF</subfield><subfield code="d">OCLCO</subfield></datafield><datafield ind1=" " ind2=" " tag="012"><subfield code="j">0</subfield><subfield code="m">d</subfield></datafield><datafield ind1="1" ind2=" " tag="022"><subfield code="a">0746-780X</subfield><subfield code="l">0746-780X</subfield><subfield code="2">1</subfield></datafield><datafield ind1="1" ind2=" " tag="029"><subfield code="a">AU@</subfield><subfield code="b">000020413021</subfield></datafield><datafield ind1=" " ind2=" " tag="037"><subfield code="b">The Review, P.O. Box 110, Mammoth Lakes, CA 93546</subfield></datafield><datafield ind1=" " ind2=" " tag="042"><subfield code="a">nsdp</subfield></datafield><datafield ind1=" " ind2=" " tag="043"><subfield code="a">n-us-ca</subfield></datafield><datafield ind1="0" ind2=" " tag="130"><subfield code="a">Review (Bishop, Calif.)</subfield></datafield><datafield ind1=" " ind2="4" tag="222"><subfield code="a">The Review</subfield><subfield code="b">(Bishop, Calif.)</subfield></datafield><datafield ind1="1" ind2="4" tag="245"><subfield code="a">The review.</subfield></datafield><datafield ind1=" " ind2=" " tag="260"><subfield code="a">Mammoth Lakes, Calif. :</subfield><subfield code="b">Mammoth Pub. and Advertising Co.</subfield></datafield><datafield ind1=" " ind2=" " tag="310"><subfield code="a">Weekly</subfield></datafield><datafield ind1="0" ind2=" " tag="362"><subfield code="a">Vol. 8, no. 6 (Feb. 7, 1980)-v. 15, no. 7 (Feb. 12, 1987).</subfield></datafield><datafield ind1=" " ind2=" " tag="500"><subfield code="a">"The Weekly Newspaper of Mammoth and Mono County since 1973."</subfield></datafield><datafield ind1=" " ind2=" " tag="500"><subfield code="a">Publication moved to Bishop, Calif., Oct. 20, 1983.</subfield></datafield><datafield ind1=" " ind2="0" tag="651"><subfield code="a">Mono County (Calif.)</subfield><subfield code="v">Newspapers.</subfield></datafield><datafield ind1=" " ind2="7" tag="655"><subfield code="a">Newspapers.</subfield><subfield code="2">fast</subfield><subfield code="0">(OCoLC)fst01423814</subfield></datafield><datafield ind1=" " ind2="7" tag="651"><subfield code="a">California</subfield><subfield code="z">Mono County.</subfield><subfield code="2">fast</subfield><subfield code="0">(OCoLC)fst01213863</subfield></datafield><datafield ind1=" " ind2=" " tag="752"><subfield code="a">United States</subfield><subfield code="b">California</subfield><subfield code="c">Inyo</subfield><subfield code="d">Bishop.</subfield></datafield><datafield ind1=" " ind2=" " tag="752"><subfield code="a">United States</subfield><subfield code="b">California</subfield><subfield code="c">Mono</subfield><subfield code="d">Mammoth Lakes.</subfield></datafield><datafield ind1="0" ind2="0" tag="780"><subfield code="t">Lakes district review</subfield><subfield code="w">(DLC)sn 97060533</subfield></datafield><datafield ind1="0" ind2="7" tag="785"><subfield code="t">Mono herald &amp; Bridgeport chronicle-union</subfield><subfield code="w">(DLC)sn 92070158</subfield></datafield><datafield ind1="0" ind2="7" tag="785"><subfield code="t">Review-herald</subfield><subfield code="x">1052-5300</subfield><subfield code="w">(DLC)sn 90002004</subfield></datafield><datafield ind1=" " ind2=" " tag="936"><subfield code="a">Dec. 22, 1983</subfield></datafield></record>